<?xml version="1.0" encoding="UTF-8"?><collection xmlns="http://www.loc.gov/MARC21/slim"><record><leader>00520nam--2200157-i-4500</leader><controlfield tag="001">000005174</controlfield><controlfield tag="002">20161230</controlfield><controlfield tag="005">20161230201026</controlfield><controlfield tag="008">060222s1000------------r-----000-0-eng-d</controlfield><datafield ind1=" " ind2=" " tag="080"><subfield code="a">517.12. 513 (061.3) : 53(061.3)</subfield></datafield><datafield ind1=" " ind2=" " tag="245"><subfield code="a">The axiomatic method with special reference to geometry and physics. proceedings</subfield></datafield><datafield ind1=" " ind2=" " tag="260"><subfield code="a">Amsterdam, North Holland Publ Co, 1959 Xi + 488 P</subfield></datafield><datafield ind1=" " ind2=" " tag="490"><subfield code="a">Studies In Logic</subfield></datafield><datafield ind1=" " ind2=" " tag="700"><subfield code="a">Leon Henkin, Patrick Suppes, Alfred Tarski</subfield></datafield><datafield ind1=" " ind2=" " tag="852"><subfield code="a">14294</subfield><subfield code="c">517.11</subfield></datafield><datafield ind1=" " ind2=" " tag="CAT"><subfield code="a">Sys</subfield><subfield code="c">20080715</subfield><subfield code="h">114723</subfield></datafield></record></collection>